% Add your custom references in this file

@article{bahdanau2014neural,
  author =	 {Bahdanau, Dzmitry and Cho, Kyunghyun and Bengio, Yoshua},
  title =	 {Neural Machine Translation by Jointly Learning to Align and
                  Translate},
  journal =	 {CoRR},
  issn =	 {2331-8422},
  volume =	 {abs/1409.0473},
  year =	 2014
}


@inproceedings{vaswani2017attention,
  author =	 {Vaswani, Ashish and Shazeer, Noam and Parmar, Niki and
                  Uszkoreit, Jakob and Jones, Llion and Gomez, Aidan N and
                  Kaiser, {\L}ukasz and Polosukhin, Illia},
  title =	 {Attention is All You Need},
  booktitle =	 {Advances in Neural Information Processing Systems 30},
  address =	 {Long Beach, CA, USA},
  month =	 {December},
  pages =	 {6000--6010},
  publisher =	 {Curran Associates, Inc.},
  year =	 2017
}

@inproceedings{random,
    title = "Paper title",
    author = "Random Author and Random Co-author",
    booktitle = "Proceedings of the 2022 Conference of the North American Chapter of the Association for Computational Linguistics: Human Language Technologies",
    month = jul,
    year = "2022",
    address = "Seattle, United States",
    publisher = "Association for Computational Linguistics",
    pages = "1780--1790"
}
