% Please go and download fresh anthology.bib from
% https://aclanthology.org/anthology.bib.gz
