% Add your custom references in this file

@article{bahdanau2014neural,
  author  = {Bahdanau, Dzmitry and Cho, Kyunghyun and Bengio, Yoshua},
  title   = {Neural Machine Translation by Jointly Learning to Align and
             Translate},
  journal = {CoRR},
  issn    = {2331-8422},
  volume  = {abs/1409.0473},
  year    = 2014
}


@inproceedings{vaswani2017attention,
  author    = {Vaswani, Ashish and Shazeer, Noam and Parmar, Niki and
               Uszkoreit, Jakob and Jones, Llion and Gomez, Aidan N and
               Kaiser, {\L}ukasz and Polosukhin, Illia},
  title     = {Attention is All You Need},
  booktitle = {Advances in Neural Information Processing Systems 30},
  address   = {Long Beach, CA, USA},
  month     = {December},
  pages     = {6000--6010},
  publisher = {Curran Associates, Inc.},
  year      = 2017
}